3692 5798
1791 588 2225 655 --156..-

895 788 1225 863 Plao‘r'rA,
1258 786 1338 849 R.
1389 786 1662 849 Intorno
1690 784 1773 849 ad
1824 804 1953 849 una
2003 784 2323 849 sensitiva
2365 784 2523 849 dell’
2554 786 2919 870 Argentina
2967 786 3147 870 (Mi-

1341 908 1547 957 mosa
1570 888 2046 977 Speqazzz'nz'i
2077 910 2145 956 n.
2181 889 2453 978 sp.).--
2482 895 2648 960 Ann.
2675 896 2754 959 R.
2791 894 2963 961 Istit.
3000 895 3144 961 bot.

1342 996 1413 1061 di
1440 999 1667 1062 Roma.
1697 997 1813 1063 III.
1850 1000 1931 1061 N⁰
1967 999 2030 1087 2.
2075 1001 2264 1062 1888.
2306 1002 2343 1061 5
2372 1018 2437 1082 p.
2493 1003 2514 1062 l
2554 999 2715 1065 lam.

909 1108 962 1168 Ι.
1015 1105 1347 1180 Ponrrm,
1382 1105 1453 1168 E.
1493 1106 1567 1168 F.
1608 1106 2068 1186 Fragmentum
2101 1105 2479 1188 synopseos
2510 1105 3147 1189 Phanerogamarum

1345 1208 1427 1273 ab
1463 1215 1736 1274 auctore
1780 1209 1973 1273 annis
2013 1211 2306 1275 1827-29
2344 1210 2414 1274 in
2464 1210 2653 1276 Chile
2682 1212 3025 1277 lectarum.
3064 1249 3146 1262 —

1347 1319 1533 1381 8⁰.—
1562 1316 1827 1399 Lipsiae
1865 1319 2052 1381 1833.
2099 1319 2184 1381 30
2216 1336 2326 1400 pp.

905 1426 968 1486 2.
1066 1421 1164 1486 ld.
1262 1423 1461 1487 Reise
1488 1418 1559 1487 in
1583 1422 1806 1496 Chile,
1844 1426 2015 1487 Peru
2046 1421 2185 1486 und
2212 1422 2328 1486 auf
2351 1421 2498 1488 dem
2523 1424 3151 1490 Amazonenstrome

1353 1528 1663 1593 wahrend
1692 1528 1814 1593 der
1841 1528 2037 1594 Jahre
2077 1530 2584 1595 1827-32.—4⁰.
2621 1566 2707 1578 —
2736 1530 2905 1595 lbid.
2949 1536 3153 1597 1835-

1352 1638 1460 1701 36.
1493 1638 1532 1698 2
1561 1633 1725 1700 Bde.
1762 1634 1880 1699 mit
1920 1639 1937 1697 Ι
1976 1636 2178 1702 Karte
2199 1634 2339 1699 und
2380 1639 2454 1699 16
2483 1635 2713 1700 Tafeln
2744 1636 2954 1702 in-fol.

907 1743 1239 1825 Posrrm,
1276 1743 1348 1806 E.
1384 1743 1455 1805 F.
1493 1760 1578 1826 1³13
1625 1742 1731 1805 ST.
1785 1743 2217 1806 Ennmcnssn.
2271 1742 2451 1805 Nova
2488 1759 2733 1824 genera
2777 1761 2853 1806 ac
2898 1743 3157 1827 species

1351 1847 1750 1931 plantarum,
1805 1865 1969 1930 quas
2029 1848 2100 1910 in
2147 1865 2354 1930 regno
2412 1846 2734 1933 Chilensi,
2784 1849 3155 1914 Peruviano

1355 1962 1423 2019 et
1480 1955 1548 2018 in
1605 1961 1782 2018 terra
1812 1954 2205 2017 Amazonion
2255 1954 2447 2018 annis
2509 1957 2800 2020 1827-32
2856 1955 3023 2043 legit
3076 1957 3151 2019 E.

1354 2061 1649 2145 Poeppig
1687 2067 1757 2124 et
1797 2078 1946 2124 cum
2004 2060 2334 2144 Stephano
2391 2060 2748 2125 Endlicher
2802 2061 3158 2146 descripsit

1356 2167 1794 2250 iconibusque
1822 2165 2206 2230 iilustravit.
2231 2166 2513 2231 —Ibid.
2561 2169 2875 2233 1835-45.
2913 2171 2949 2232 3
2991 2167 3152 2232 voll.

1354 2273 1514 2337 folio
1551 2292 1696 2337 cum
1720 2273 1901 2338 CCC.
1934 2272 2113 2336 tabb.

911 2383 1159 2458 Panst„
1205 2379 1277 2443 C.
1338 2381 1412 2443 B.
1466 2379 1814 2462 Reliquiae
1873 2378 2308 2443 Haenkeanae
2375 2396 2495 2442 seu
2553 2377 3037 2461 descriptiones
3090 2386 3160 2442 et

1358 2486 1585 2549 icones
1611 2486 1986 2567 plantarum
2018 2503 2183 2568 quas
2215 2486 2282 2547 in
2313 2484 2612 2548 America
2644 2483 3059 2548 meridionali
3090 2491 3158 2547 et

1357 2589 1637 2674 boreali,
1671 2589 1740 2653 in
1776 2590 2022 2654 Insulis
2065 2589 2461 2673 Philippinis
2493 2598 2560 2653 et
2601 2586 2909 2655 Marianis
2947 2589 3156 2654 colle-

1362 2698 1460 2781 git
1508 2695 1896 2760 Thaddaeus
1955 2695 2247 2760 Haenke.
2288 2713 2368 2744 —-·
2427 2699 2675 2778 Pragae
2741 2699 3059 2761 1830-36.
3121 2699 3161 2759 2

1362 2803 1520 2867 voil.
1554 2804 1668 2869 fol.
1706 2822 1762 2867 c.
1803 2805 2037 2867 LXXII
2067 2802 2245 2868 tabb.

926 2916 980 2975 1.
1034 2913 1330 2990 Remus,
1361 2913 1439 2974 K.
1477 2908 1725 2975 Violae
1752 2908 2138 2975 chilenses.
2178 2911 2297 2973 Eiu
2320 2910 2586 2993 Beitrag
2615 2929 2737 2974 zur
2765 2909 3160 2994 systematik

1361 3016 1498 3080 der⁴
1530 3019 1821 3101 Gattung
1863 3014 2098 3081 Viola.
2148 3053 2230 3062 -
2273 3017 2464 3100 Engl.
2525 3020 2672 3083 Bot.
2725 3016 2946 3082 Jahrb.
2985 3019 3158 3081 XVI.

1374 3126 1563 3188 1892.
1598 3125 1927 3190 405-452.
1962 3123 2102 3188 Taf.
2138 3126 2247 3203 vl,
2281 3125 2422 3188 VH.

922 3233 983 3296 2.
1083 3230 1182 3295 Id.
1281 3233 1409 3294 Zur
1439 3230 1800 3296 Kenntniss
1830 3228 1953 3293 der
1981 3228 2434 3293 chilenischen
2464 3230 2668 3294 Arten
2716 3229 2838 3294 der
2872 3233 3168 3313 Gattung

1370 3335 1650 3402 OxaliS.
1677 3373 1756 3383 --
1790 3334 1959 3400 Ibid.
1995 3336 2232 3399 XVIII.
2275 3338 2464 3400 1894.
2502 3337 2840 3401 259-305.
2873 3336 3009 3399 Taf.
3046 3338 3161 3400 IX.

922 3448 984 3510 2.
1080 3444 1181 3508 Id.
1278 3445 1401 3508 Die
1466 3441 2388 3530 vegetationsverhaeltnisse
2446 3461 2546 3505 am
2604 3441 2994 3506 Unterlanfe
3044 3440 3168 3505 des

1362 3552 1486 3616 'Rio
1516 3552 1734 3616 Maule
1764 3551 2034 3633 (Chile).
2071 3586 2150 3595 —
2194 3549 2362 3613 lbid.
2400 3551 2576 3614 XXI.
2618 3552 2807 3614 1895.
2856 3551 3035 3612 1-52.

923 3662 988 3722 3.
1082 3658 1182 3723 Id.
1281 3657 1401 3721 Die
1458 3656 1890 3721 botanischen
1948 3655 2348 3737 Ergebnisse
2406 3656 2660 3719 meiner
2697 3655 2897 3719 Reise
2937 3656 3003 3717 in
3057 3653 3169 3718 die

1370 3763 1788 3827 Cordilleren
1838 3779 1966 3825 von
2014 3761 2467 3825 Nahuel-Buta
2536 3760 2670 3824 und
2733 3759 3018 3825 Chillan.
3080 3796 3168 3806 —

1369 3869 1539 3934 lbid.
1575 3871 1785 3933 XXII.
1838 3871 2030 3933 1895.
2080 3872 2256 3931 1-16.

927 3979 988 4040 4.
1082 3974 1183 4040 Id.
1280 3975 1627 4056 Beitraege
1643 3993 1763 4038 zur
1781 3973 2146 4054 Kenntniss
2172 3972 2293 4036 der
2317 3974 2607 4055 Gattung
2632 3970 3162 4036 Azara.-Ibid.

1370 4082 1542 4145 XXI.
1577 4082 1698 4146 No,
1737 4083 1799 4144 4.
1846 4083 2039 4145 1896.
2080 4081 2402 4144 499-513.

929 4193 991 4252 5.
1088 4186 1188 4253 Id.
1293 4187 1479 4251 Flora
1504 4187 1590 4251 de
1619 4187 1829 4252 Chile.
1868 4222 1950 4234 —-
1997 4186 2301 4268 Santiago
2354 4184 2440 4248 de
2489 4181 2682 4248 Chile
2743 4186 3047 4248 1896-98.
3090 4183 3164 4245 T.

1367 4297 1440 4359 Τ.
1471 4296 1525 4359 Ι.
1559 4296 1711 4359 379.
1775 4291 2227 4377 (Correspond
2254 4310 2337 4355 au
2367 4293 2439 4356 T.
2485 4293 2514 4354 Ι
2546 4289 2631 4354 de
2682 4289 2740 4353 la
2794 4289 2985 4352 Flora
3028 4287 3167 4350 chi-

1376 4401 1526 4465 lena
1576 4398 1661 4464 de
1711 4402 1782 4464 C.
1827 4399 2025 4483 Gay.)
2056 4436 2144 4446 —
2188 4402 2260 4463 T.
2299 4399 2381 4462 II.
2435 4400 2712 4479 Entrega
2770 4396 2821 4460 1.
2884 4397 3008 4460 237
3049 4412 3161 4476 pp.
