3692 5798
1848 703 2242 770 -236-

1164 899 1487 960 Pelletiera
1516 897 1962 978 serpyllifolia,
1994 894 2522 958 Webb-Berthel.

1165 1029 1239 1057 ,τε
1269 1005 1667 1083 Lysimachia
1694 1003 2141 1082 serpyllilolia,
2176 1002 2347 1064 Poir.
2383 1000 2620 1083 Suppl.
2660 1001 2774 1064 111.
2804 1020 2872 1081 p.
2908 1002 3047 1063 ⁴73.

1168 1114 1235 1170 P.
1294 1127 1504 1181 verna,
1558 1107 1841 1173 St.-Hil.
1906 1109 2102 1170 Mem.
2162 1109 2329 1170 Mus.
2381 1108 2482 1171 IX.
2533 1126 2598 1189 p.
2648 1110 2800 1179 365;
2855 1112 3019 1172 Ann.
3070 1124 3167 1169 sc.

1244 1223 1376 1277 nat.
1406 1217 1467 1276 2.
1498 1215 1637 1276 Ser.
1670 1215 1780 1276 XI.
1818 1233 1881 1296 p.
1915 1213 2017 1288 86,
2052 1214 2181 1277 tab.
2217 1215 2323 1276 IV.

1160 1324 1553 1384 Asterolinon
1607 1307 1872 1397 trinum,
1930 1320 2152 1383 Baudo
2221 1325 2388 1382 Ann.
2441 1328 2573 1383 nat.
2623 1323 2684 1382 2.
2742 1320 2868 1382 ser.
2915 1320 3054 1381 XX.
3103 1336 3170 1400 p.

1244 1430 1385 1489 350.

1000 1640 1213 1704 Herba
1265 1639 1529 1722 pusilla,
1586 1638 1833 1719 glabra,
1899 1637 2197 1716 flaccida,
2256 1658 2495 1717 annua,
2556 1639 2801 1720 aprica,
2860 1635 3170 1714 vernalis,

919 1748 1391 1810 amerieana.
1440 1745 2251 1822 Caulis'ereeto·diffusuS,
2298 1746 2495 1808 ramis
2527 1745 2925 1818 divaricatis,
2971 1753 3174 1807 tetra-

918 1853 1476 1933 gono-subalatis.
1522 1852 1698 1916 Folia
1745 1853 2068 1934 opposita,
2122 1852 2747 1929 ovato-lanceolata,
2800 1853 3038 1916 obtusa
3068 1851 3169 1914 vel

918 1960 1391 2034 mueronulata‚
1428 1959 1642 2022 nervis
1674 1957 2165 2038 divergentibus
2194 1977 2493 2032 nervosa,
2546 1960 2836 2040 margine
2873 1958 3176 2021 denticu-

918 2065 1334 2139 lato-eiliata,
1369 2066 1509 2129 basi
1539 2074 1892 2140 attenuata,
1929 2064 2205 2128 sessilia.
2244 2065 2606 2129 Pedunculi
2643 2065 2969 2139 axillares,
3005 2064 3176 2127 soli-

923 2175 1085 2248 tarii,
1138 2183 1391 2252 tenueS,
1438 2172 1938 2245 adscendenteS,
1991 2171 2305 2235 fructiferi
2365 2180 2694 2250 nutantes»,
2746 2172 2905 2236 folio
2962 2170 3173 2253 duplo

920 2281 1275 2343 breviores,

1001 2386 1364 2449 Plantulam
1395 2385 1566 2448 hanc
1601 2386 1956 2448 notabilem
1991 2387 2054 2448 in
2088 2385 2350 2467 lapideo
2384 2386 2667 2467 quodam
2705 2393 2990 2449 torrente
3021 2402 3176 2466 pro·

919 2493 1224 2556 montorii
1257 2492 1489 2555 Isletae
1524 2493 1771 2554 invenit
1813 2493 2113 2555 oculatus
2145 2492 2537 2573 Despreaux.

998 2600 1100 2661 Ab
1145 2599 1331 2662 orbe
1378 2616 1575 2661 novo
1630 2599 1969 2662 deducta
2021 2606 2138 2661 est
2192 2600 2266 2660 in
2321 2599 2788 2663 Fortunatas
2834 2599 3167 2661 Pelletiera

921 2717 999 2770 ut
1042 2728 1076 2769 a
1121 2716 1384 2769 vetere
1428 2707 1849 2771 Asterolinon.

999 2814 1065 2874 Si
1097 2814 1245 2893 quis
1276 2830 1480 2890 genus
1513 2813 1909 2873 Asterolinon
1940 2813 2026 2873 ita
2056 2819 2356 2889 mutaret,
2391 2819 2463 2873 ut
2493 2817 2539 2872 Α
2560 2862 2573 2874 .
2630 2812 2756 2875 hoe
2799 2813 3172 2893 serpyllife-

919 2924 1073 2983 liam
1104 2918 1488 2991 includeret,
1521 2917 1584 2980 id
1616 2918 1883 2999 quidem
1935 2926 2193 2980 nostrae
2253 2920 2614 2981 sententiae
2664 2918 2851 2981 nullo
2896 2935 3170 2999 prorsus

917 3025 1112 3089 modo
1174 3024 1459 3086 alienum
1509 3032 1701 3089 esset.
1767 3025 2137 3087 Deserimen
2200 3025 2373 3087 enim
2432 3025 2703 3089 omnino
2764 3025 3168 3096 technicum,

914 3134 1149 3212 stirpes
1182 3130 1369 3192 aliter
1399 3128 1793 3202 simillimae,
1829 3130 2173 3194 solvuntur
2214 3139 2464 3193 tantum
2514 3131 2801 3194 corollae
2860 3130 3166 3213 laciniae,

912 3238 1123 3321 petala
1154 3241 1191 3299 2
1222 3238 1474 3319 postica
1505 3257 1655 3300 eum
1686 3255 1913 3299 eorum
1966 3236 2356 3299 staminibus
2407 3246 2471 3300 et
2520 3237 2945 3320 carpophylla
2976 3240 3014 3297 2
3045 3237 3170 3299 de-

914 3351 1089 3405 sunt.
1125 3344 1373 3405 Nomen
1406 3349 1619 3405 autem
1653 3343 2144 3423 serpyllisolium
2169 3343 2324 3424 quia
2348 3344 2650 3425 propium
2683 3352 2748 3406 et
2777 3352 2850 3406 ut
2873 3344 3170 3425 priorum

908 3451 1018 3531 jus
1046 3468 1301 3512 sacrum
1334 3457 1648 3521 servetur,
1686 3466 1813 3511 non
1854 3448 2262 3510 mutandum.

999 3556 1110 3617 Est
1139 3563 1312 3616 certe
1344 3552 1730 3615 immortalis
1764 3553 2039 3634 species,
2074 3573 2195 3617 nee
2225 3555 2495 3618 varietas
2527 3556 2618 3618 uti
2661 3556 3036 3638 suspicatur
3064 3553 3161 3619 el.

920 3661 1167 3723 Baudo.

998 3770 1147 3830 Mon
1204 3766 1360 3829 cher
1416 3774 1480 3826 et
1534 3765 1877 3827 venerable
1929 3766 2079 3838 ami,
2140 3768 2221 3828 M.
2275 3766 2336 3829 le
2386 3767 2659 3831 docteur
2707 3769 2846 3831 Carl
2894 3768 3079 3831 Bolle
3133 3770 3171 3832 a

911 3873 1156 3945 Berlin,
1189 3873 1225 3934 a
1256 3870 1320 3935 la
1350 3870 1548 3934 bonte
1578 3870 1822 3952 duquel
1849 3872 1917 3953 je
1948 3871 2092 3934 dois
2142 3872 2202 3934 la
2257 3874 2444 3955 copie
2494 3874 2581 3936 du
2634 3894 2910 3956 passage
2948 3877 3172 3958 juste-

914 3988 1091 4041 ment
1133 3979 1279 4052 cite,
1332 3979 1548 4057 ajoute
1595 3976 1757 4038 dans
1809 3995 1877 4038 sa
1927 3976 2166 4039 lettre:
2216 4001 2245 4037 α
2280 3984 2369 4041 La
2427 3981 2610 4043 lsleta
2660 3981 2973 4064 s'appelle
3037 4001 3169 4046 une

912 4084 1117 4164 partie
1147 4081 1228 4144 de
1257 4080 1392 4142 l’lle
1423 4080 1503 4142 de
1543 4084 1712 4143 Gran
1747 4082 2035 4145 Canaria.
2070 4084 2292 4146 Voisin
2329 4104 2397 4147 se
2430 4093 2656 4149 trouve
2698 4087 2761 4150 le
2813 4090 3051 4151 Puerto
3083 4089 3170 4152 de

912 4188 975 4250 la
1004 4190 1150 4261 Luz,
1185 4187 1296 4268 qui
1329 4196 1734 4248 aentretenu
1783 4188 2093 4250 autrefois
2145 4188 2260 4251 des
2308 4190 2619 4254 relations
2669 4194 2959 4257 animees
3008 4214 3167 4258 avec

913 4294 1306 4372 l’Amerique
1337 4291 1640 4366 australe,
1677 4291 1850 4355 alors
1882 4295 2234 4375 espagnole
2280 4318 2337 4359 ».

994 4402 1079 4462 La
1110 4399 1316 4462 rarete
1353 4398 1435 4460 de
1477 4397 1740 4461 l'oeuvre
1789 4398 1872 4461 de
1919 4400 2123 4461 Webb
2172 4410 2237 4463 et
2280 4402 2613 4467 Berthelot
2645 4413 2747 4467 est
2777 4425 2997 4480 cause,
3039 4425 3171 4489 que

915 4506 1234 4589 quelques
1268 4514 1529 4567 auteurs
1562 4511 1678 4567 ont
1708 4506 1994 4586 suppose
2043 4505 2413 4571 l'existence
2445 4508 2527 4570 de
2558 4509 2728 4572 deux
2778 4514 3051 4594 espeees
3083 4514 3172 4575 de
